[gd_scene load_steps=14 format=2]

[ext_resource path="res://treasure_chamber.jpg" type="Texture" id=1]
[ext_resource path="res://KinematicBody2D.gd" type="Script" id=2]
[ext_resource path="res://sprite_0.png" type="Texture" id=3]
[ext_resource path="res://sprite_1.png" type="Texture" id=4]
[ext_resource path="res://sprite_2.png" type="Texture" id=5]
[ext_resource path="res://sprite_3.png" type="Texture" id=6]
[ext_resource path="res://AnimatedSprite.gd" type="Script" id=7]
[ext_resource path="res://icon.png" type="Texture" id=8]
[ext_resource path="res://Area2D.gd" type="Script" id=9]

[sub_resource type="RectangleShape2D" id=1]
extents = Vector2( 32, 32 )

[sub_resource type="SpriteFrames" id=2]
animations = [ {
"frames": [ ExtResource( 3 ), ExtResource( 4 ), ExtResource( 5 ), ExtResource( 6 ) ],
"loop": true,
"name": "New Anim",
"speed": 12.0
} ]

[sub_resource type="RectangleShape2D" id=3]
extents = Vector2( 32, 32 )

[sub_resource type="RectangleShape2D" id=4]
extents = Vector2( 10, 584.493 )

[node name="World" type="Node2D"]

[node name="background" type="Sprite" parent="."]
position = Vector2( 504.674, 300.718 )
scale = Vector2( 0.66, 0.66 )
texture = ExtResource( 1 )

[node name="Player" type="KinematicBody2D" parent="."]
position = Vector2( 33, 191 )
script = ExtResource( 2 )
__meta__ = {
"_edit_group_": true
}

[node name="CollisionShape2D" type="CollisionShape2D" parent="Player"]
shape = SubResource( 1 )

[node name="AnimatedSprite" type="AnimatedSprite" parent="Player"]
position = Vector2( 0.500003, 0.500006 )
scale = Vector2( 3.25, 3.25 )
frames = SubResource( 2 )
animation = "New Anim"
frame = 2
playing = true
script = ExtResource( 7 )

[node name="Walls" type="Node" parent="."]

[node name="Wall" type="StaticBody2D" parent="Walls"]
position = Vector2( 97, 572 )
__meta__ = {
"_edit_group_": true
}

[node name="Sprite" type="Sprite" parent="Walls/Wall"]
modulate = Color( 0, 0, 0, 1 )
texture = ExtResource( 8 )

[node name="CollisionShape2D" type="CollisionShape2D" parent="Walls/Wall"]
shape = SubResource( 3 )

[node name="Wall2" type="StaticBody2D" parent="Walls"]
position = Vector2( 160, 626 )
__meta__ = {
"_edit_group_": true
}

[node name="Sprite" type="Sprite" parent="Walls/Wall2"]
modulate = Color( 0, 0, 0, 1 )
texture = ExtResource( 8 )

[node name="CollisionShape2D" type="CollisionShape2D" parent="Walls/Wall2"]
shape = SubResource( 3 )

[node name="Wall3" type="StaticBody2D" parent="Walls"]
position = Vector2( 224, 626 )
__meta__ = {
"_edit_group_": true
}

[node name="Sprite" type="Sprite" parent="Walls/Wall3"]
modulate = Color( 0, 0, 0, 1 )
texture = ExtResource( 8 )

[node name="CollisionShape2D" type="CollisionShape2D" parent="Walls/Wall3"]
shape = SubResource( 3 )

[node name="Wall4" type="StaticBody2D" parent="Walls"]
position = Vector2( 288, 626 )
__meta__ = {
"_edit_group_": true
}

[node name="Sprite" type="Sprite" parent="Walls/Wall4"]
modulate = Color( 0, 0, 0, 1 )
texture = ExtResource( 8 )

[node name="CollisionShape2D" type="CollisionShape2D" parent="Walls/Wall4"]
shape = SubResource( 3 )

[node name="Wall5" type="StaticBody2D" parent="Walls"]
position = Vector2( 665, 626 )
__meta__ = {
"_edit_group_": true
}

[node name="Sprite" type="Sprite" parent="Walls/Wall5"]
modulate = Color( 0, 0, 0, 1 )
texture = ExtResource( 8 )

[node name="CollisionShape2D" type="CollisionShape2D" parent="Walls/Wall5"]
shape = SubResource( 3 )

[node name="Wall6" type="StaticBody2D" parent="Walls"]
position = Vector2( 350, 626 )
__meta__ = {
"_edit_group_": true
}

[node name="Sprite" type="Sprite" parent="Walls/Wall6"]
modulate = Color( 0, 0, 0, 1 )
texture = ExtResource( 8 )

[node name="CollisionShape2D" type="CollisionShape2D" parent="Walls/Wall6"]
shape = SubResource( 3 )

[node name="Wall15" type="StaticBody2D" parent="Walls"]
position = Vector2( 539, 626 )
__meta__ = {
"_edit_group_": true
}

[node name="Sprite" type="Sprite" parent="Walls/Wall15"]
modulate = Color( 0, 0, 0, 1 )
texture = ExtResource( 8 )

[node name="CollisionShape2D" type="CollisionShape2D" parent="Walls/Wall15"]
shape = SubResource( 3 )

[node name="Wall18" type="StaticBody2D" parent="Walls"]
position = Vector2( 924, 446 )
__meta__ = {
"_edit_group_": true
}

[node name="Sprite" type="Sprite" parent="Walls/Wall18"]
modulate = Color( 0, 0, 0, 1 )
texture = ExtResource( 8 )

[node name="CollisionShape2D" type="CollisionShape2D" parent="Walls/Wall18"]
shape = SubResource( 3 )

[node name="Wall28" type="StaticBody2D" parent="Walls"]
position = Vector2( 927, 320 )
__meta__ = {
"_edit_group_": true
}

[node name="Sprite" type="Sprite" parent="Walls/Wall28"]
modulate = Color( 0, 0, 0, 1 )
texture = ExtResource( 8 )

[node name="CollisionShape2D" type="CollisionShape2D" parent="Walls/Wall28"]
shape = SubResource( 3 )

[node name="Wall29" type="StaticBody2D" parent="Walls"]
position = Vector2( 927, 383 )
__meta__ = {
"_edit_group_": true
}

[node name="Sprite" type="Sprite" parent="Walls/Wall29"]
modulate = Color( 0, 0, 0, 1 )
texture = ExtResource( 8 )

[node name="CollisionShape2D" type="CollisionShape2D" parent="Walls/Wall29"]
shape = SubResource( 3 )

[node name="Wall13" type="StaticBody2D" parent="Walls"]
position = Vector2( 414, 626 )
__meta__ = {
"_edit_group_": true
}

[node name="Sprite" type="Sprite" parent="Walls/Wall13"]
modulate = Color( 0, 0, 0, 1 )
texture = ExtResource( 8 )

[node name="CollisionShape2D" type="CollisionShape2D" parent="Walls/Wall13"]
shape = SubResource( 3 )

[node name="Wall16" type="StaticBody2D" parent="Walls"]
position = Vector2( 602, 626 )
__meta__ = {
"_edit_group_": true
}

[node name="Sprite" type="Sprite" parent="Walls/Wall16"]
modulate = Color( 0, 0, 0, 1 )
texture = ExtResource( 8 )

[node name="CollisionShape2D" type="CollisionShape2D" parent="Walls/Wall16"]
shape = SubResource( 3 )

[node name="Wall19" type="StaticBody2D" parent="Walls"]
position = Vector2( 927, 256 )
__meta__ = {
"_edit_group_": true
}

[node name="Sprite" type="Sprite" parent="Walls/Wall19"]
modulate = Color( 0, 0, 0, 1 )
texture = ExtResource( 8 )

[node name="CollisionShape2D" type="CollisionShape2D" parent="Walls/Wall19"]
shape = SubResource( 3 )

[node name="Wall14" type="StaticBody2D" parent="Walls"]
position = Vector2( 476, 626 )
__meta__ = {
"_edit_group_": true
}

[node name="Sprite" type="Sprite" parent="Walls/Wall14"]
modulate = Color( 0, 0, 0, 1 )
texture = ExtResource( 8 )

[node name="CollisionShape2D" type="CollisionShape2D" parent="Walls/Wall14"]
shape = SubResource( 3 )

[node name="Wall17" type="StaticBody2D" parent="Walls"]
position = Vector2( 728, 626 )
__meta__ = {
"_edit_group_": true
}

[node name="Sprite" type="Sprite" parent="Walls/Wall17"]
modulate = Color( 0, 0, 0, 1 )
texture = ExtResource( 8 )

[node name="CollisionShape2D" type="CollisionShape2D" parent="Walls/Wall17"]
shape = SubResource( 3 )

[node name="Wall30" type="StaticBody2D" parent="Walls"]
position = Vector2( 790, 626 )
__meta__ = {
"_edit_group_": true
}

[node name="Sprite" type="Sprite" parent="Walls/Wall30"]
modulate = Color( 0, 0, 0, 1 )
texture = ExtResource( 8 )

[node name="CollisionShape2D" type="CollisionShape2D" parent="Walls/Wall30"]
shape = SubResource( 3 )

[node name="Wall31" type="StaticBody2D" parent="Walls"]
position = Vector2( 852, 626 )
__meta__ = {
"_edit_group_": true
}

[node name="Sprite" type="Sprite" parent="Walls/Wall31"]
modulate = Color( 0, 0, 0, 1 )
texture = ExtResource( 8 )

[node name="CollisionShape2D" type="CollisionShape2D" parent="Walls/Wall31"]
shape = SubResource( 3 )

[node name="Wall32" type="StaticBody2D" parent="Walls"]
position = Vector2( 915, 626 )
__meta__ = {
"_edit_group_": true
}

[node name="Sprite" type="Sprite" parent="Walls/Wall32"]
modulate = Color( 0, 0, 0, 1 )
texture = ExtResource( 8 )

[node name="CollisionShape2D" type="CollisionShape2D" parent="Walls/Wall32"]
shape = SubResource( 3 )

[node name="Wall33" type="StaticBody2D" parent="Walls"]
position = Vector2( 927, 565 )
__meta__ = {
"_edit_group_": true
}

[node name="Sprite" type="Sprite" parent="Walls/Wall33"]
modulate = Color( 0, 0, 0, 1 )
texture = ExtResource( 8 )

[node name="CollisionShape2D" type="CollisionShape2D" parent="Walls/Wall33"]
shape = SubResource( 3 )

[node name="Wall34" type="StaticBody2D" parent="Walls"]
position = Vector2( 928, 505 )
__meta__ = {
"_edit_group_": true
}

[node name="Sprite" type="Sprite" parent="Walls/Wall34"]
modulate = Color( 0, 0, 0, 1 )
texture = ExtResource( 8 )

[node name="CollisionShape2D" type="CollisionShape2D" parent="Walls/Wall34"]
shape = SubResource( 3 )

[node name="Wall20" type="StaticBody2D" parent="Walls"]
position = Vector2( 988, 256 )
__meta__ = {
"_edit_group_": true
}

[node name="Sprite" type="Sprite" parent="Walls/Wall20"]
modulate = Color( 0, 0, 0, 1 )
texture = ExtResource( 8 )

[node name="CollisionShape2D" type="CollisionShape2D" parent="Walls/Wall20"]
shape = SubResource( 3 )

[node name="Wall7" type="StaticBody2D" parent="Walls"]
position = Vector2( 97, 509 )
__meta__ = {
"_edit_group_": true
}

[node name="Sprite" type="Sprite" parent="Walls/Wall7"]
modulate = Color( 0, 0, 0, 1 )
texture = ExtResource( 8 )

[node name="CollisionShape2D" type="CollisionShape2D" parent="Walls/Wall7"]
shape = SubResource( 3 )

[node name="Wall8" type="StaticBody2D" parent="Walls"]
position = Vector2( 96, 446 )
__meta__ = {
"_edit_group_": true
}

[node name="Sprite" type="Sprite" parent="Walls/Wall8"]
modulate = Color( 0, 0, 0, 1 )
texture = ExtResource( 8 )

[node name="CollisionShape2D" type="CollisionShape2D" parent="Walls/Wall8"]
shape = SubResource( 3 )

[node name="Wall9" type="StaticBody2D" parent="Walls"]
position = Vector2( 96, 384 )
__meta__ = {
"_edit_group_": true
}

[node name="Sprite" type="Sprite" parent="Walls/Wall9"]
modulate = Color( 0, 0, 0, 1 )
texture = ExtResource( 8 )

[node name="CollisionShape2D" type="CollisionShape2D" parent="Walls/Wall9"]
shape = SubResource( 3 )

[node name="Wall21" type="StaticBody2D" parent="Walls"]
position = Vector2( -34, 195 )
__meta__ = {
"_edit_group_": true
}

[node name="Sprite" type="Sprite" parent="Walls/Wall21"]
modulate = Color( 0, 0, 0, 1 )
texture = ExtResource( 8 )

[node name="CollisionShape2D" type="CollisionShape2D" parent="Walls/Wall21"]
shape = SubResource( 3 )

[node name="Wall24" type="StaticBody2D" parent="Walls"]
position = Vector2( -33.9474, 5.10526 )
__meta__ = {
"_edit_group_": true
}

[node name="Sprite" type="Sprite" parent="Walls/Wall24"]
modulate = Color( 0, 0, 0, 1 )
texture = ExtResource( 8 )

[node name="CollisionShape2D" type="CollisionShape2D" parent="Walls/Wall24"]
shape = SubResource( 3 )

[node name="Wall10" type="StaticBody2D" parent="Walls"]
position = Vector2( 96, 320 )
__meta__ = {
"_edit_group_": true
}

[node name="Sprite" type="Sprite" parent="Walls/Wall10"]
modulate = Color( 0, 0, 0, 1 )
texture = ExtResource( 8 )

[node name="CollisionShape2D" type="CollisionShape2D" parent="Walls/Wall10"]
shape = SubResource( 3 )

[node name="Wall22" type="StaticBody2D" parent="Walls"]
position = Vector2( -34, 131 )
__meta__ = {
"_edit_group_": true
}

[node name="Sprite" type="Sprite" parent="Walls/Wall22"]
modulate = Color( 0, 0, 0, 1 )
texture = ExtResource( 8 )

[node name="CollisionShape2D" type="CollisionShape2D" parent="Walls/Wall22"]
shape = SubResource( 3 )

[node name="Wall25" type="StaticBody2D" parent="Walls"]
position = Vector2( -33.9474, -58.8947 )
__meta__ = {
"_edit_group_": true
}

[node name="Sprite" type="Sprite" parent="Walls/Wall25"]
modulate = Color( 0, 0, 0, 1 )
texture = ExtResource( 8 )

[node name="CollisionShape2D" type="CollisionShape2D" parent="Walls/Wall25"]
shape = SubResource( 3 )

[node name="Wall11" type="StaticBody2D" parent="Walls"]
position = Vector2( 96, 256 )
__meta__ = {
"_edit_group_": true
}

[node name="Sprite" type="Sprite" parent="Walls/Wall11"]
modulate = Color( 0, 0, 0, 1 )
texture = ExtResource( 8 )

[node name="CollisionShape2D" type="CollisionShape2D" parent="Walls/Wall11"]
shape = SubResource( 3 )

[node name="Wall23" type="StaticBody2D" parent="Walls"]
position = Vector2( -34, 67 )
__meta__ = {
"_edit_group_": true
}

[node name="Sprite" type="Sprite" parent="Walls/Wall23"]
modulate = Color( 0, 0, 0, 1 )
texture = ExtResource( 8 )

[node name="CollisionShape2D" type="CollisionShape2D" parent="Walls/Wall23"]
shape = SubResource( 3 )

[node name="Wall26" type="StaticBody2D" parent="Walls"]
position = Vector2( -33.9474, -122.895 )
__meta__ = {
"_edit_group_": true
}

[node name="Sprite" type="Sprite" parent="Walls/Wall26"]
modulate = Color( 0, 0, 0, 1 )
texture = ExtResource( 8 )

[node name="CollisionShape2D" type="CollisionShape2D" parent="Walls/Wall26"]
shape = SubResource( 3 )

[node name="Wall12" type="StaticBody2D" parent="Walls"]
position = Vector2( 32, 256 )
__meta__ = {
"_edit_group_": true
}

[node name="Sprite" type="Sprite" parent="Walls/Wall12"]
modulate = Color( 0, 0, 0, 1 )
texture = ExtResource( 8 )

[node name="CollisionShape2D" type="CollisionShape2D" parent="Walls/Wall12"]
shape = SubResource( 3 )

[node name="Wall27" type="StaticBody2D" parent="Walls"]
position = Vector2( 1050, 256 )
__meta__ = {
"_edit_group_": true
}

[node name="Sprite" type="Sprite" parent="Walls/Wall27"]
modulate = Color( 0, 0, 0, 1 )
texture = ExtResource( 8 )

[node name="CollisionShape2D" type="CollisionShape2D" parent="Walls/Wall27"]
shape = SubResource( 3 )

[node name="Area2D" type="Area2D" parent="."]
position = Vector2( 1031.58, 231.579 )
script = ExtResource( 9 )
next_world = "res://World.tscn"

[node name="CollisionShape2D" type="CollisionShape2D" parent="Area2D"]
position = Vector2( -3.10523, -2.89474 )
shape = SubResource( 4 )
