[gd_scene load_steps=19 format=2]

[ext_resource path="res://flyingcastle.jpeg" type="Texture" id=1]
[ext_resource path="res://KinematicBody2D.gd" type="Script" id=2]
[ext_resource path="res://sprite_0.png" type="Texture" id=3]
[ext_resource path="res://sprite_1.png" type="Texture" id=4]
[ext_resource path="res://sprite_2.png" type="Texture" id=5]
[ext_resource path="res://sprite_3.png" type="Texture" id=6]
[ext_resource path="res://AnimatedSprite.gd" type="Script" id=7]
[ext_resource path="res://icon.png" type="Texture" id=8]
[ext_resource path="res://Area2D.gd" type="Script" id=9]
[ext_resource path="res://blackhole_circle_transparency.png" type="Texture" id=10]
[ext_resource path="res://Area2D2.gd" type="Script" id=11]
[ext_resource path="res://Bottom_wrap.gd" type="Script" id=12]

[sub_resource type="CircleShape2D" id=1]
radius = 289.345

[sub_resource type="RectangleShape2D" id=2]
extents = Vector2( 32, 32 )

[sub_resource type="RectangleShape2D" id=3]
extents = Vector2( 10, 584.493 )

[sub_resource type="RectangleShape2D" id=4]
extents = Vector2( 32, 32 )

[sub_resource type="SpriteFrames" id=5]
animations = [ {
"frames": [ ExtResource( 3 ), ExtResource( 4 ), ExtResource( 5 ), ExtResource( 6 ) ],
"loop": true,
"name": "New Anim",
"speed": 12.0
} ]

[sub_resource type="RectangleShape2D" id=6]
extents = Vector2( 1010, 10 )

[node name="World" type="Node2D"]

[node name="flyingcastle" type="Sprite" parent="."]
position = Vector2( 504.674, 300.718 )
scale = Vector2( 0.563, 0.563 )
texture = ExtResource( 1 )

[node name="Area2D2" type="Area2D" parent="."]
position = Vector2( 450, 208 )
space_override = 1
gravity_point = true
gravity_vec = Vector2( 0, 0 )
linear_damp = 0.0
angular_damp = 0.0
script = ExtResource( 11 )
__meta__ = {
"_edit_group_": true
}
blackhole_world = "res://World7-blackhole-mode.tscn"

[node name="CollisionShape2D" type="CollisionShape2D" parent="Area2D2"]
shape = SubResource( 1 )

[node name="Sprite" type="Sprite" parent="Area2D2"]
scale = Vector2( 0.1, 0.1 )
texture = ExtResource( 10 )

[node name="Walls" type="Node" parent="."]

[node name="Wall18" type="StaticBody2D" parent="Walls"]
position = Vector2( 964, 256 )
__meta__ = {
"_edit_group_": true
}

[node name="Sprite" type="Sprite" parent="Walls/Wall18"]
modulate = Color( 0, 0, 0, 1 )
texture = ExtResource( 8 )

[node name="CollisionShape2D" type="CollisionShape2D" parent="Walls/Wall18"]
shape = SubResource( 2 )

[node name="Wall21" type="StaticBody2D" parent="Walls"]
position = Vector2( -34, 195 )
__meta__ = {
"_edit_group_": true
}

[node name="Sprite" type="Sprite" parent="Walls/Wall21"]
modulate = Color( 0, 0, 0, 1 )
texture = ExtResource( 8 )

[node name="CollisionShape2D" type="CollisionShape2D" parent="Walls/Wall21"]
shape = SubResource( 2 )

[node name="Wall29" type="StaticBody2D" parent="Walls"]
position = Vector2( -34, 260.049 )
__meta__ = {
"_edit_group_": true
}

[node name="Sprite" type="Sprite" parent="Walls/Wall29"]
modulate = Color( 0, 0, 0, 1 )
texture = ExtResource( 8 )

[node name="CollisionShape2D" type="CollisionShape2D" parent="Walls/Wall29"]
shape = SubResource( 2 )

[node name="Wall24" type="StaticBody2D" parent="Walls"]
position = Vector2( -33.9474, 5.10526 )
__meta__ = {
"_edit_group_": true
}

[node name="Sprite" type="Sprite" parent="Walls/Wall24"]
modulate = Color( 0, 0, 0, 1 )
texture = ExtResource( 8 )

[node name="CollisionShape2D" type="CollisionShape2D" parent="Walls/Wall24"]
shape = SubResource( 2 )

[node name="Wall10" type="StaticBody2D" parent="Walls"]
position = Vector2( 113, 562 )
__meta__ = {
"_edit_group_": true
}

[node name="Sprite" type="Sprite" parent="Walls/Wall10"]
modulate = Color( 0, 0, 0, 1 )
texture = ExtResource( 8 )

[node name="CollisionShape2D" type="CollisionShape2D" parent="Walls/Wall10"]
shape = SubResource( 2 )

[node name="Wall11" type="StaticBody2D" parent="Walls"]
position = Vector2( 176, 562 )
__meta__ = {
"_edit_group_": true
}

[node name="Sprite" type="Sprite" parent="Walls/Wall11"]
modulate = Color( 0, 0, 0, 1 )
texture = ExtResource( 8 )

[node name="CollisionShape2D" type="CollisionShape2D" parent="Walls/Wall11"]
shape = SubResource( 2 )

[node name="Wall13" type="StaticBody2D" parent="Walls"]
position = Vector2( 696, 554 )
__meta__ = {
"_edit_group_": true
}

[node name="Sprite" type="Sprite" parent="Walls/Wall13"]
modulate = Color( 0, 0, 0, 1 )
texture = ExtResource( 8 )

[node name="CollisionShape2D" type="CollisionShape2D" parent="Walls/Wall13"]
shape = SubResource( 2 )

[node name="Wall14" type="StaticBody2D" parent="Walls"]
position = Vector2( 760, 554 )
__meta__ = {
"_edit_group_": true
}

[node name="Sprite" type="Sprite" parent="Walls/Wall14"]
modulate = Color( 0, 0, 0, 1 )
texture = ExtResource( 8 )

[node name="CollisionShape2D" type="CollisionShape2D" parent="Walls/Wall14"]
shape = SubResource( 2 )

[node name="Wall22" type="StaticBody2D" parent="Walls"]
position = Vector2( -34, 131 )
__meta__ = {
"_edit_group_": true
}

[node name="Sprite" type="Sprite" parent="Walls/Wall22"]
modulate = Color( 0, 0, 0, 1 )
texture = ExtResource( 8 )

[node name="CollisionShape2D" type="CollisionShape2D" parent="Walls/Wall22"]
shape = SubResource( 2 )

[node name="Wall25" type="StaticBody2D" parent="Walls"]
position = Vector2( -33.9474, -58.8947 )
__meta__ = {
"_edit_group_": true
}

[node name="Sprite" type="Sprite" parent="Walls/Wall25"]
modulate = Color( 0, 0, 0, 1 )
texture = ExtResource( 8 )

[node name="CollisionShape2D" type="CollisionShape2D" parent="Walls/Wall25"]
shape = SubResource( 2 )

[node name="Wall23" type="StaticBody2D" parent="Walls"]
position = Vector2( -34, 67 )
__meta__ = {
"_edit_group_": true
}

[node name="Sprite" type="Sprite" parent="Walls/Wall23"]
modulate = Color( 0, 0, 0, 1 )
texture = ExtResource( 8 )

[node name="CollisionShape2D" type="CollisionShape2D" parent="Walls/Wall23"]
shape = SubResource( 2 )

[node name="Wall26" type="StaticBody2D" parent="Walls"]
position = Vector2( -33.9474, -122.895 )
__meta__ = {
"_edit_group_": true
}

[node name="Sprite" type="Sprite" parent="Walls/Wall26"]
modulate = Color( 0, 0, 0, 1 )
texture = ExtResource( 8 )

[node name="CollisionShape2D" type="CollisionShape2D" parent="Walls/Wall26"]
shape = SubResource( 2 )

[node name="Wall12" type="StaticBody2D" parent="Walls"]
position = Vector2( 32, 256 )
__meta__ = {
"_edit_group_": true
}

[node name="Sprite" type="Sprite" parent="Walls/Wall12"]
modulate = Color( 0, 0, 0, 1 )
texture = ExtResource( 8 )

[node name="CollisionShape2D" type="CollisionShape2D" parent="Walls/Wall12"]
shape = SubResource( 2 )

[node name="Wall27" type="StaticBody2D" parent="Walls"]
position = Vector2( 1029.69, 256 )
__meta__ = {
"_edit_group_": true
}

[node name="Sprite" type="Sprite" parent="Walls/Wall27"]
modulate = Color( 0, 0, 0, 1 )
texture = ExtResource( 8 )

[node name="CollisionShape2D" type="CollisionShape2D" parent="Walls/Wall27"]
shape = SubResource( 2 )

[node name="Area2D" type="Area2D" parent="."]
position = Vector2( 1031.58, 231.579 )
script = ExtResource( 9 )
next_world = "res://TreasureChamber.tscn"

[node name="CollisionShape2D" type="CollisionShape2D" parent="Area2D"]
position = Vector2( -2.10523, 2.10526 )
shape = SubResource( 3 )

[node name="Player" type="KinematicBody2D" parent="."]
position = Vector2( 33, 191 )
script = ExtResource( 2 )

[node name="CollisionShape2D" type="CollisionShape2D" parent="Player"]
shape = SubResource( 4 )

[node name="AnimatedSprite" type="AnimatedSprite" parent="Player"]
position = Vector2( 0.500003, 0.500006 )
scale = Vector2( 3.25, 3.25 )
frames = SubResource( 5 )
animation = "New Anim"
frame = 2
playing = true
script = ExtResource( 7 )

[node name="Bottom" type="Area2D" parent="."]
position = Vector2( 427, 630 )
script = ExtResource( 12 )
__meta__ = {
"_edit_group_": true
}

[node name="CollisionShape2D" type="CollisionShape2D" parent="Bottom"]
shape = SubResource( 6 )
